<record><leader>00000cas a2200000 a 4500</leader><controlfield tag="001">51056482</controlfield><controlfield tag="008">021122d18uu1uuumiuwr n       0    0eng c</controlfield><datafield ind1=" " ind2=" " tag="010"><subfield code="a">sn2002062260</subfield></datafield><datafield ind1=" " ind2=" " tag="040"><subfield code="a">MHN</subfield><subfield code="b">eng</subfield><subfield code="c">MHN</subfield><subfield code="d">OCLCQ</subfield><subfield code="d">OCLCF</subfield><subfield code="d">OCLCO</subfield></datafield><datafield ind1="1" ind2=" " tag="029"><subfield code="a">AU@</subfield><subfield code="b">000024221445</subfield></datafield><datafield ind1=" " ind2=" " tag="042"><subfield code="a">pcc</subfield></datafield><datafield ind1=" " ind2=" " tag="043"><subfield code="a">n-us-mi</subfield></datafield><datafield ind1="0" ind2="0" tag="245"><subfield code="a">Michigan independent and reporter.</subfield></datafield><datafield ind1=" " ind2=" " tag="260"><subfield code="a">Buchanan, Berrien county, Mich. :</subfield><subfield code="b">J.R. Hill</subfield></datafield><datafield ind1=" " ind2=" " tag="300"><subfield code="a">v.</subfield></datafield><datafield ind1=" " ind2=" " tag="310"><subfield code="a">Weekly</subfield></datafield><datafield ind1=" " ind2=" " tag="588"><subfield code="a">Description based on: Vol. 10, no. 9 (Jan. 15, 1885).</subfield></datafield><datafield ind1=" " ind2="0" tag="651"><subfield code="a">Buchanan (Mich.)</subfield><subfield code="v">Newspapers.</subfield></datafield><datafield ind1=" " ind2="0" tag="651"><subfield code="a">Berrien County (Mich.)</subfield><subfield code="v">Newspapers.</subfield></datafield><datafield ind1=" " ind2="7" tag="655"><subfield code="a">Newspapers.</subfield><subfield code="2">fast</subfield><subfield code="0">(OCoLC)fst01423814</subfield></datafield><datafield ind1=" " ind2="7" tag="651"><subfield code="a">Michigan</subfield><subfield code="z">Berrien County.</subfield><subfield code="2">fast</subfield><subfield code="0">(OCoLC)fst01203031</subfield></datafield><datafield ind1=" " ind2="7" tag="651"><subfield code="a">Michigan</subfield><subfield code="z">Buchanan.</subfield><subfield code="2">fast</subfield><subfield code="0">(OCoLC)fst01219725</subfield></datafield><datafield ind1=" " ind2=" " tag="752"><subfield code="a">United States</subfield><subfield code="b">Michigan</subfield><subfield code="c">Berrien</subfield><subfield code="d">Buchanan.</subfield></datafield><datafield ind1="0" ind2="0" tag="780"><subfield code="t">Michigan independent (Three Oaks, Mich.)</subfield><subfield code="w">(DLC)sn 97063146</subfield><subfield code="w">(OCoLC)36362007</subfield></datafield></record>